<record><leader>00000cas a22000007a 4500</leader><controlfield tag="001">9554840</controlfield><controlfield tag="008">830527d19111929ksuwr ne      0    0eng d</controlfield><controlfield tag="009">3789</controlfield><datafield ind1=" " ind2=" " tag="010"><subfield code="a">sn 83040289 </subfield></datafield><datafield ind1=" " ind2=" " tag="040"><subfield code="a">KSH</subfield><subfield code="b">eng</subfield><subfield code="c">KSH</subfield><subfield code="d">NPT</subfield></datafield><datafield ind1="1" ind2=" " tag="029"><subfield code="a">AU@</subfield><subfield code="b">000025793709</subfield></datafield><datafield ind1=" " ind2=" " tag="042"><subfield code="a">msc</subfield></datafield><datafield ind1=" " ind2=" " tag="043"><subfield code="a">n-us-ks</subfield></datafield><datafield ind1="0" ind2="0" tag="245"><subfield code="a">Allen County journal.</subfield></datafield><datafield ind1=" " ind2=" " tag="260"><subfield code="a">La Harpe, Kan. :</subfield><subfield code="b">C. Borin,</subfield><subfield code="c">1911-1929.</subfield></datafield><datafield ind1=" " ind2=" " tag="300"><subfield code="a">18 v. :</subfield><subfield code="b">ill. ;</subfield><subfield code="c">54 cm.</subfield></datafield><datafield ind1=" " ind2=" " tag="310"><subfield code="a">Weekly</subfield></datafield><datafield ind1="0" ind2=" " tag="362"><subfield code="a">Vol. 8, no. 4 (May 4, 1911)-v. 25, no. 9 (July 11, 1929).</subfield></datafield><datafield ind1=" " ind2=" " tag="500"><subfield code="a">"Republican." Cf. Ayer, 1911.</subfield></datafield><datafield ind1=" " ind2=" " tag="500"><subfield code="a">Published: Iola, Kan. : Will H. King, 1913-</subfield></datafield><datafield ind1=" " ind2=" " tag="515"><subfield code="a">Numbering is irregular.</subfield></datafield><datafield ind1="1" ind2=" " tag="700"><subfield code="a">Borin, C.</subfield></datafield><datafield ind1=" " ind2=" " tag="752"><subfield code="a">United States</subfield><subfield code="b">Kansas</subfield><subfield code="c">Allen</subfield><subfield code="d">La Harpe.</subfield></datafield><datafield ind1=" " ind2=" " tag="752"><subfield code="a">United States</subfield><subfield code="b">Kansas</subfield><subfield code="c">Allen</subfield><subfield code="d">Iola.</subfield></datafield><datafield ind1="0" ind2="0" tag="780"><subfield code="t">La Harpe journal</subfield><subfield code="w">(DLC)sn 83040308</subfield></datafield><datafield ind1="0" ind2="7" tag="785"><subfield code="t">Daily news (Iola, Kan)</subfield><subfield code="w">(DLC)sn 83040300</subfield></datafield><datafield ind1="0" ind2="7" tag="785"><subfield code="t">Allen County news-journal</subfield><subfield code="w">(DLC)sn 83040302</subfield></datafield></record>